<record xmlns='http://www.loc.gov/MARC21/slim'><leader>00903cam a2200241 a 4500</leader><controlfield tag='001'>993456823506421</controlfield><controlfield tag='005'>20200729173009.0</controlfield><controlfield tag='008'>861209s1985    enk           000 0 eng d</controlfield><datafield ind1=' ' ind2=' ' tag='020'><subfield code='a'>0947752196</subfield></datafield><datafield ind1=' ' ind2=' ' tag='035'><subfield code='a'>(OCoLC)13154067</subfield></datafield><datafield ind1=' ' ind2=' ' tag='035'><subfield code='a'>(CStRLIN)NJPG86-B55361</subfield></datafield><datafield ind1=' ' ind2=' ' tag='035'><subfield code='9'>ABS1044TS</subfield></datafield><datafield ind1=' ' ind2=' ' tag='035'><subfield code='a'>345682</subfield></datafield><datafield ind1=' ' ind2=' ' tag='035'><subfield code='a'>(NjP)345682-princetondb</subfield></datafield><datafield ind1=' ' ind2=' ' tag='040'><subfield code='a'>NBiSU</subfield><subfield code='c'>NBiSU</subfield><subfield code='d'>NjP</subfield></datafield><datafield ind1='1' ind2=' ' tag='100'><subfield code='a'>White, Michael M.</subfield><subfield code='0'>http://id.loc.gov/authorities/names/n85381010</subfield></datafield><datafield ind1='1' ind2='0' tag='245'><subfield code='a'>Opportunity in crisis :</subfield><subfield code='b'>money and power in world politics 1986-88 /</subfield><subfield code='c'>Michael M. White.</subfield></datafield><datafield ind1=' ' ind2=' ' tag='260'><subfield code='a'>London :</subfield><subfield code='b'>Firethorn Press,</subfield><subfield code='c'>1985.</subfield></datafield><datafield ind1=' ' ind2=' ' tag='300'><subfield code='a'>341 p. ;</subfield><subfield code='c'>24 cm.</subfield></datafield><datafield ind1=' ' ind2='0' tag='650'><subfield code='a'>International relations.</subfield><subfield code='0'>http://id.loc.gov/authorities/subjects/sh85067435</subfield></datafield><datafield ind1=' ' ind2='0' tag='650'><subfield code='a'>World politics</subfield><subfield code='y'>1985-1995.</subfield><subfield code='0'>http://id.loc.gov/authorities/subjects/sh85148229</subfield></datafield><datafield ind1=' ' ind2=' ' tag='998'><subfield code='a'>12/09/86</subfield><subfield code='s'>9114</subfield><subfield code='n'>NjP</subfield><subfield code='w'>NYBG86B26358</subfield><subfield code='d'>12/09/86</subfield><subfield code='c'>DF</subfield><subfield code='b'>LDP</subfield><subfield code='i'>861209</subfield><subfield code='l'>NJPG</subfield></datafield><datafield ind1=' ' ind2=' ' tag='911'><subfield code='a'>19921028</subfield></datafield><datafield ind1=' ' ind2=' ' tag='912'><subfield code='a'>19900827000000.0</subfield></datafield><datafield ind1=' ' ind2=' ' tag='INT'><subfield code='a'>P</subfield></datafield><datafield ind1=' ' ind2=' ' tag='INST'><subfield code='a'>01PRI_INST</subfield></datafield><datafield ind1=' ' ind2=' ' tag='AVA'><subfield code='0'>993456823506421</subfield><subfield code='8'>22232999500006421</subfield><subfield code='a'>01PRI_INST</subfield><subfield code='b'>recap</subfield><subfield code='c'>Remote Storage</subfield><subfield code='d'>JX1395 .W44</subfield><subfield code='e'>available</subfield><subfield code='f'>1</subfield><subfield code='g'>0</subfield><subfield code='j'>pa</subfield><subfield code='k'>0</subfield><subfield code='p'>1</subfield><subfield code='q'>ReCAP</subfield></datafield></record>